@Article{test:Walchhofer:2005,
  author       = {Norbert Walchhofer},
  title	       = {Nori's zweites Dokument},
  journal      = {WU Memo},
  year	       = 2005,
  pages	       = {12--14},
  month	       = {November},
}

