@Article{domar46,
  author = 	 {Evsey D. Domar},
  title = 	 {Capital Expansion, Rate of Growth and Employment},
  journal = 	 {Econometrica},
  year = 	 1946,
  number =	 14,
  pages =	 {137-147},
  month =	 {April}
}

@Article{solow56,
  author = 	 {Robert M. Solow},
  title = 	 {A Contribution to the Theory of Economic Growth},
  journal = 	 {The Quarterly Journal of Economics},
  year = 	 1956,
  number =	 {LXX},
  pages =	 {65-94},
  month =	 {February}
}


@Misc{wikipedia06:solowmodel,
  author =	 {de.wikipedia.org},
  title =	 {Solow Modell},
  month =	 4,
  year =	 2006
}

@Misc{wikipedia06:domarmodel,
  author =	 {de.wikipedia.org},
  title =	 {Harrod Domar Modell},
  month =	 4,
  year =	 2006
}

