

@Article{finnfacts,
  author = 	 {finnfacts.com},
  title = 	 {Die Finnland Story, das 20.Jahrhundert},
  journal = 	 {http://www.finnfacts.com},
  year = 	 2006
}

