@Manual{manual:gforge,
  title = 	 {Gforge Manual},
  author =	 {Tom Copeland and Roland Mas and Ken McCullagh and Tim Perdue and Guillaume Smet and Reinhard Spisser},
  year =	 2006,
  url = {http://gforge.org/docman/view.php/1/34/gforge_manual.pdf}
}

@Misc{tortoisesvn,
  title =	 {TortoiseSVN},
  url = {http://tortoisesvn.tigris.org}
}

@Misc{subversion,
  title =	 {Subversion},
  url = {http://subversion.tigirs.org}
}

@Misc{putty,
  title =	 {Putty},
  url = {http://www.chiark.greenend.org.uk/~sgtotham/putty/}
}

