@BOOK{datamining,
   author      = "Mehmed Kantardzic",
   title       = "DATA MINING - Concepts, Models, Methods, and Algorithms",
   publisher   = "{Wiley-Interscience}",
   year        = "2003",
}

@MISC{wiki,
   author      = "{Wikipedia - The Free Encyclopedia}",
   url         = "{http://en.wikipedia.org/wiki/Main_Page}",
}

@misc{iris,
   author      = "D.J. Newman, S. Hettich, C.L. Blake and C.J. Merz",
   year        = "1998",
   title       = "{UCI} Repository of machine learning databases",
   url         = "http://www.ics.uci.edu/$\sim$mlearn/MLRepository.html",
   institution = "University of California, Irvine, Dept. of Information and Computer Sciences"
}

@MISC{branchenmonitor,
   author      = "{Branchenmonitor}",
   url         = "{http://www.branchenmonitor.at/grpbau/Inhalt.htm}",
}

@article{baujahr,
author = "{Wirtschaftskammer Österreich - Geschäftsstelle BAU}",
year = 2005,
title = "baujahr 2004/2005",
}

@article{AK,
author = "Mag. Robert Samsinger",
year = "März 2006",
title = "Die wirtschaftliche Lage der österreichischen Baugesellschaften",
}

@misc{leitbetriebe,
url = "{http://www.leitbetriebe.at}",
author = "Wirtschaftskammer Österreich",
}

@misc{shk,
url = "http://shk.at/modules.php?name=News&file=print&sid=1332",
institution = "SHK",
}

@article{porr,
author = "{A. PORR AG}",
year = 2006,
title = "{Erfolg hat viele Seiten - Geschäftsbericht 2005}",
}

@misc{arbeiter,
url = "{http://euost.bmwa.gv.at/fragen/pdf/frage18.pdf}",
author = "Wirtschaftskammer Österreich",
}


@misc{oenb,
url = "{http://www2.oenb.at/tridion/jakz/jahresabschlusskennzahlen_auswahl.php?contenturl=/de/stat_melders/datenangebot/realwirtschaft/jahresabschlusskennzahlen/jahresabschlusskennzahlen_navigation.jsp}",
author = "Österreichische Nationalbank",
}