This file was created with JabRef 2.2b2.
Encoding: Cp1252

@ARTICLE{porr,
  author = {{A. PORR AG}},
  title = {{Erfolg hat viele Seiten - Geschäftsbericht 2005}},
  year = {2006}
}

@MISC{branchenmonitor,
  author = {{Branchenmonitor}},
  url = {{http://www.branchenmonitor.at/grpbau/Inhalt.htm}}
}

@BOOK{cherubini,
  title = {Copula Methods in Finance (Wiley Finance Series)},
  publisher = {Wiley \& Sons},
  year = {2004},
  author = {Umberto Cherubini and Elisa Luciano and Walter Vecchiato},
  isbn = {0470863447},
  price = {EUR 98,95}
}

@MISC{iris,
  author = {D.J. Newman, S. Hettich, C.L. Blake and C.J. Merz},
  title = {{UCI} Repository of machine learning databases},
  year = {1998},
  institution = {University of California, Irvine, Dept. of Information and Computer
	Sciences},
  url = {http://www.ics.uci.edu/$\sim$mlearn/MLRepository.html}
}

@ARTICLE{embrechts2003,
  author = {Embrechts P., Lindskog F., Mc Neil A.J.},
  title = {Modelling dependence with copulas and applications to risk management},
  journal = {Handbook of heavy tailed distributions in finance},
  year = {2003},
  owner = {Home},
  timestamp = {2007.01.11}
}

@ARTICLE{fantazzini2003,
  author = {Dean Fantazzini},
  title = {Copula's Conditional Dependence Measures for Portfolio Management
	and Value at Risk},
  journal = {Working Paper},
  year = {2003},
  owner = {Home},
  timestamp = {2007.01.11}
}

@BOOK{datamining,
  title = {DATA MINING - Concepts, Models, Methods, and Algorithms},
  publisher = {{Wiley-Interscience}},
  year = {2003},
  author = {Mehmed Kantardzic}
}

@BOOK{nelsen2006,
  title = {An Introduction to Copulas (Springer Series in Statistics)},
  publisher = {Springer, Berlin},
  year = {2006},
  author = {Roger B. Nelsen},
  volume = {Second Edition},
  isbn = {0387286594},
  price = {EUR 60,95}
}

@ARTICLE{nelsen2003,
  author = {Roger B. Nelsen},
  title = {Properties and applications of copulas: A brief survey},
  journal = {Proceedings of the First Brazilian Conference on Statistical Modelling
	in Insurance and Finance},
  year = {2003},
  owner = {Home},
  timestamp = {2007.01.14}
}

@ARTICLE{AK,
  author = {Mag. Robert Samsinger},
  title = {Die wirtschaftliche Lage der österreichischen Baugesellschaften},
  year = {März 2006}
}

@MISC{wiki,
  author = {{Wikipedia - The Free Encyclopedia}},
  url = {{http://en.wikipedia.org/wiki/Main_Page}}
}

@ARTICLE{baujahr,
  author = {{Wirtschaftskammer Österreich - Geschäftsstelle BAU}},
  title = {baujahr 2004/2005},
  year = {2005}
}

@MISC{arbeiter,
  author = {Wirtschaftskammer Österreich},
  url = {{http://euost.bmwa.gv.at/fragen/pdf/frage18.pdf}}
}

@MISC{leitbetriebe,
  author = {Wirtschaftskammer Österreich},
  url = {{http://www.leitbetriebe.at}}
}

@MISC{oenb,
  author = {{Österreichische Nationalbank}},
  url = {{http://www2.oenb.at/tridion/jakz/jahresabschlusskennzahlen_auswahl.php?contenturl=/de/stat_melders/datenangebot/realwirtschaft/jahresabschlusskennzahlen/jahresabschlusskennzahlen_navigation.jsp}}
}

@MISC{shk,
  institution = {SHK},
  url = {http://shk.at/modules.php?name=News&file=print&sid=1332}
}

